@book{oxford2012,
  title={The Oxford handbook of empirical legal research},
  author={Cane, Peter and Kritzer, Herbert},
  year={2012},
  publisher={OUP Oxford}
}

@article{leiter1997,
  title={Rethinking legal realism: toward a naturalized jurisprudence},
  author={Leiter, Brian},
  journal={Tex. L. Rev.},
  volume={76},
  pages={267},
  year={1997},
  publisher={HeinOnline}
}

@article{kastellec2010,
  title={The statistical analysis of judicial decisions and legal rules with classification trees},
  author={Kastellec, Jonathan P},
  journal={Journal of Empirical Legal Studies},
  volume={7},
  number={2},
  pages={202--230},
  year={2010},
  publisher={Wiley Online Library}
}

@inproceedings{liu2017,
  title={A predictive performance comparison of machine learning models for judicial cases},
  author={Liu, Zhenyu and Chen, Huanhuan},
  booktitle={Computational Intelligence (SSCI), 2017 IEEE Symposium Series on},
  pages={1--6},
  year={2017},
  organization={IEEE}
}

@article{ash2017,
  title={Predicting Punitiveness from Judicial Corpora},
  author={Ash, Elliott and Chen, Daniel},
  year={2017}
}

@book{epstein2014,
  title={An introduction to empirical legal research},
  author={Epstein, Lee and Martin, Andrew D},
  year={2014},
  publisher={Oxford University Press}
}

@book{zeisel2012,
  title={Prove it with figures: Empirical methods in law and litigation},
  author={Zeisel, Hans and Kaye, David},
  year={2012},
  publisher={Springer Science \& Business Media}
}